<?xml version="1.0" encoding="UTF-8"?><collection xmlns="http://www.loc.gov/MARC21/slim"><record><leader>00410nam--2200157-i-4500</leader><controlfield tag="001">000026732</controlfield><controlfield tag="002">20161230</controlfield><controlfield tag="005">20170115225313</controlfield><controlfield tag="008">060222s1000------------r-----000-0-eng-d</controlfield><datafield ind1=" " ind2=" " tag="080"><subfield code="a">517.2</subfield></datafield><datafield ind1=" " ind2=" " tag="100"><subfield code="a">Kiepert, Ludwig</subfield></datafield><datafield ind1=" " ind2=" " tag="245"><subfield code="a">Grundriss der differential-rechnung</subfield></datafield><datafield ind1=" " ind2=" " tag="260"><subfield code="a">Hannover</subfield><subfield code="b">Helwingsche Verlagsbuchhandlung</subfield><subfield code="c">1921</subfield></datafield><datafield ind1=" " ind2=" " tag="300"><subfield code="a">XII+616+1020 p</subfield></datafield><datafield ind1=" " ind2=" " tag="852"><subfield code="a">44401</subfield></datafield><datafield ind1=" " ind2=" " tag="CAT"><subfield code="a">SYS</subfield><subfield code="c">20170115</subfield><subfield code="h">225313</subfield></datafield></record></collection>